% bmc_article.bib
% 
%  An example of bibtex entries.
@article{sullivan1971single,
  title={A single index of mortality and morbidity.},
  author={Sullivan, Daniel F},
  journal={HSMHA health reports},
  volume={86},
  number={4},
  pages={347},
  year={1971},
  publisher={Association of Schools of Public Health}
}

@article{caswell2018matrix,
  title={Matrix methods in health demography: a new approach to the stochastic analysis of healthy longevity and DALYs},
  author={Caswell, Hal and Zarulli, Virginia},
  journal={Population health metrics},
  volume={16},
  number={1},
  pages={8},
  year={2018},
  publisher={BioMed Central}
}

@article{klijs2010disability,
  title={Disability occurrence and proximity to death},
  author={Klijs, Bart and Mackenbach, Johan P and Kunst, Anton E},
  journal={Disability and rehabilitation},
  volume={32},
  number={21},
  pages={1733--1741},
  year={2010},
  publisher={Taylor \& Francis}
}

@Article{riffe2017hle,
  Title                    = {Healthy life expectancy, mortality, and age prevalence of morbidity},
  Author                   = {Riffe, T. and Van Raalte, A.n and Bijlsma, M. J.},
  Journal                  = {MPIDR Working Papers},
  Year                     = {2017},
  Note                     = {{WP-2017-015}},

  Owner                    = {tim},
  Timestamp                = {2017.05.02},
  Url                      = {{http://www.demogr.mpg.de/papers/working/wp-2017-015.pdf}}
}

@article{riffe2016time,
  title={Time-to-death patterns in markers of age and dependency},
  author={Riffe, Tim and Chung, Pil H and Spijker, Jeroen and MacInnes, John},
  journal={Vienna Yearbook of Population Research},
  volume={14},
  pages={229--254},
  year={2016},
  publisher={JSTOR}
}

@article{mathers1997good,
  title={How good is Sullivan's method for monitoring changes in population health expectancies?},
  author={Mathers, Colin D and Robine, Jean-Marie},
  journal={Journal of Epidemiology \& Community Health},
  volume={51},
  number={1},
  pages={80--86},
  year={1997},
  publisher={BMJ Publishing Group Ltd}
}

@article{imai2007estimation,
  title={On the estimation of disability-free life expectancy: Sullivan's method and its extension},
  author={Imai, Kosuke and Soneji, Samir},
  journal={Journal of the American Statistical Association},
  volume={102},
  number={480},
  pages={1199--1211},
  year={2007},
  publisher={Taylor \& Francis}
}